@inproceedings{FG10,
  title={SAT encodings of the at-most-k constraint. some old, some new, some fast, some slow},
  author={Frisch, Alan M and Giannaros, Paul A},
  booktitle={Proc. of the Tenth Int. Workshop of Constraint Modelling and Reformulation},
  year={2010}
}